% Encoding: UTF-8
% książka
@Book{Teunissen.Montenbruck2017,
    title     = {{Springer Handbook of Global Navigation Satellite Systems}},
    publisher = {{Springer International Publishing AG 2017}},
    year      = {2017},
    editor    = {Peter J.G. Teunissen and Oliver Montenbruck},
    doi       = {10.1007/978-3-319-42928-1},
}

@Book{Hofmann-Wellenhof.etal2008,
    title     = {{GNSS -- Global Navigations Systems. GPS, GLONASS, Galileo and more}},
    publisher = {Springer Wien New York},
    year      = {2008},
    author    = {Bernhard Hofmann-Wellenhof and Herbert Lichtenegger and Elmar Wasle},
    number    = {ISBN: 978-3-211-73012-6},
}

@Book{Borkowski.Przybylski2015,
    title    = {Książka kucharska LaTeX},
    year     = {2015},
    author   = {Marcin Borkowski and Bartłomiej Przybylski},
    publisher = {Springer Wien New York},
}


% artykuł
@Article{Bertiger.etal2009,
    author =   {Willy Bertiger and Shailen D. Desai and Bruce Haines and Nate Harvey and Angelyn W. Moore and Susan Owen and Jan P. Weiss},
    title =    {{Single receiver phase ambiguity resolution with GPS data}},
    journal =  {Journal of Geodesy},
    year =     {2009},
    comment =  {PPPambiguity},
    doi =      {10.1007/s00190-010-0371-9},
}



% strona internetowa
@Misc{NCEI2020,
    author       = {{NCEI}},
    howpublished = {\url{www.ngdc.noaa.gov/geomag/WMM/DoDWMM.shtml}},
    note         = {Dostęp: 2020-09-30},
    title        = {{NCEI Geomagnetic Modeling Team and British Geological Survey. 2019. World Magnetic Model 2020}},
    year         = {2020},
    doi          = {10.25921/11v3-da71},
}

% strona internetowa
@Misc{ASGEUPOS2021,
    author       = {{ASG EUPOS}},
    howpublished = {\url{www.asgeupos.pl}},
    note         = {Accesed: 2021-03-30},
    title        = {{Strona systemu ASG-EUPOS}},
    year         = {2021},
}



@Book{Wezka2021,
  author = {Kinga Wezka},
  title  = {O czyms tam},
  year   = {2021},
}

@thesis{ID,
	author = {author},
	title = {title},
	type = {type},
	institution = {institution},
	date = {date},
}



@Comment{jabref-meta: databaseType:bibtex;}
